@misc{heur,
  title = {{Stanford Artificial Intelligence Laboratory : CS121} Heuristic (Informed) Search},
  howpublished = {\url{http://ai.stanford.edu/~latombe/cs121/2011/slides/D-heuristic-search.pdf}},
  note = {Accessed: 2019-04-27}
}

@article{hist,
author = {Jerry Slocum and Dic Sonneveld},
year = {2006},
title = {The 15 Puzzle}
}

@misc{bfs,
  title = {{GeeksforGeeks} Breadth First Search or BFS for a Graph},
  howpublished = {\url{https://www.geeksforgeeks.org/breadth-first-search-or-bfs-for-a-graph/}},
  note = {Accessed: 2019-04-27}
}

@misc{bnb,
  title = {{GeeksforGeeks} 8 puzzle Problem using Branch And Bound},
  howpublished = {\url{https://www.geeksforgeeks.org/8-puzzle-problem-using-branch-and-bound/}},
  note = {Accessed: 2019-04-27}
}

@misc{hsh,
  title = {{GeeksforGeeks} HashSet in Java},
  howpublished = {\url{https://www.geeksforgeeks.org/hashset-in-java/}},
  note = {Accessed: 2019-04-27}
}


@misc{mnh,
  title = {{Study.com} Taxicab Geometry: History and Formula},
  howpublished = {\url{https://study.com/academy/lesson/taxicab-geometry-history-formula.html}},
  note = {Accessed: 2019-04-27}
}
